<?xml version="1.0" encoding="UTF-8"?><record xmlns="http://www.loc.gov/MARC21/slim" xmlns:cinclude="http://apache.org/cocoon/include/1.0" xmlns:zs="http://www.loc.gov/zing/srw/">
  <leader>00384cz  a2200121n  4500</leader>
  <controlfield tag="001">n  81070259 </controlfield>
  <controlfield tag="003">DLC</controlfield>
  <controlfield tag="005">19930603084348.9</controlfield>
  <controlfield tag="008">810720n| acannaab|          |n aaa |||  </controlfield>
  <datafield tag="010" ind1=" " ind2=" ">
    <subfield code="a">n  81070259 </subfield>
  </datafield>
  <datafield tag="040" ind1=" " ind2=" ">
    <subfield code="a">DLC</subfield>
    <subfield code="c">DLC</subfield>
    <subfield code="d">DLC</subfield>
  </datafield>
  <datafield tag="100" ind1="1" ind2="0">
    <subfield code="a">Taylan, Kamil,</subfield>
    <subfield code="d">1950-</subfield>
  </datafield>
  <datafield tag="670" ind1=" " ind2=" ">
    <subfield code="a">Roth, J. Die TuĚrkei, Republik unter WoĚlfen, 1981 (a.e.)</subfield>
    <subfield code="b">t.p. (Kamil Taylan) verso of half-t.p. (b. 1950; journalist)</subfield>
  </datafield>
</record>